2389 3580
338 137 424 186 ιο
1581 151 1584 155 ⁴
2119 176 2121 179 .

234 206 545 291 fatalem
573 200 800 291 Italiae
821 201 964 289 toti
1005 195 1390 291 firmorum
1420 195 1740 319 segetem
1760 249 1763 251 >
1781 211 2194 320 portende.-

234 320 428 403 bant
467 326 555 401 M
577 355 619 401 A
642 353 691 404 R
714 332 842 399 IAE
885 319 1330 401 GoNzAGAE
1384 324 1476 403 cii
1508 321 1669 403 filio
1698 345 1828 406 tuo
1857 326 2192 412 celebra.-

235 457 332 516 tae
356 436 630 542 nuptiae
650 429 1148 528 succiderunt,
1182 437 1295 513 Ita
1318 435 1592 515 factum
1618 434 1722 515 est
1744 490 1768 532 ,
1792 457 1876 518 vt
1895 464 1984 520 ex
2003 439 2195 523 duo-

230 572 397 630 rum
429 540 778 625 consensu
805 542 1039 624 Orbis
1059 543 1378 628 vniuerfi
1410 545 1882 631 diffenfiones
1910 553 2194 658 inp-er.-

230 683 540 770 petuam·
568 685 827 766 pacem
858 653 1323 740 coalescant.
1388 664 1573 741 Haec
1611 683 1862 741 tamen
1886 657 1928 740 a
1966 667 2081 741 V1
2101 692 2197 743 nr.-

232 800 283 851 ·c
311 805 347 850 ε
371 799 419 848 N
448 798 488 845 τ
510 802 533 848 1
558 800 611 850 o
675 764 973 879 praeuisa
1017 768 1184 850 sunt
1211 828 1235 870 ,
1263 773 1419 854 haec
1443 774 1558 854 vel
1584 775 1665 851 in
1707 771 1864 879 ipso
1889 774 2198 856 vitaedi-

227 882 576 966 ferimine
598 880 1001 965 consultius
1027 908 1427 980 maturata,
1458 889 1665 965 cuius
1688 885 2005 990 quidem
2048 886 2200 968 cle-

227 999 588 1078 mentiam
611 1051 633 1092 ‚
662 1008 735 1080 &
762 992 1309 1101 benignitatem
1358 1023 1509 1077 non
1535 996 1686 1076 fine
1712 1000 1906 1104 turpi
1927 994 2199 1079 omise-

229 1114 371 1192 -r-im
397 1105 972 1191 diffimulatione
993 1162 1015 1184 .
1078 1115 1188 1188 Ea
1209 1112 1409 1189 enim
1435 1112 1817 1204 comitate,
1844 1119 1922 1190 δε
1947 1110 2194 1190 animi

230 1249 524 1319 rnore5‚
570 1231 643 1302 &
669 1224 999 1330 corporis
1027 1245 1283 1300 motus
1309 1215 1673 1302 inoffensa
1711 1214 1993 1326 semper
2031 1246 2195 1301 rna-

226 1335 505 1416 iestatis
550 1336 918 1444 grauitate
957 1332 1277 1435 condijt,
1303 1355 1386 1414 vt
1429 1331 1846 1413 constantia
1872 1386 1895 1426 ‚
1924 1338 2001 1411 &
2038 1329 2196 1412 fon·

228 1449 558 1533 titudine
588 1446 988 1526 stabiliuit.
1050 1447 1294 1524 Nullo
1330 1443 1649 1523 fortunae
1681 1443 1943 1524 afflatu
1984 1443 2199 1527 tolleb

229 1558 476 1658 batur,
505 1585 661 1668 quo
698 1554 1209 1652 insolesceret,
1237 1555 1442 1635 nullo
1482 1554 2059 1662 deprimebatur*
2082 1557 2200 1636 in-

228 1670 439 1751 cursu
462 1726 483 1764 ,
509 1698 663 1778 quo
687 1669 1285 1749 consternaretur
1311 1723 1331 1743 .
1395 1672 1824 1746 Potuerunt
1846 1665 2195 1750 membra

233 1781 611 1864 tabescere
650 1780 906 1862 collidi
947 1805 1095 1860 non
1140 1781 1384 1887 potuit
1423 1780 1795 1887 patientia
1830 1827 1856 1864 ³
1902 1803 2067 1886 quae
2096 1775 2196 1860 eb

231 1892 521 1974 firmior
546 1895 830 1984 extitit,
857 1890 1065 2001 qubd
1092 1892 1461 1969 diuinitus
1497 1891 1600 1967 illi
1642 1890 1894 1968 datam
1924 1908 2197 1975 omnes

230 2003 694 2087 arbitrantur
721 2059 741 2082 .
805 2001 1061 2084 Morbi
1107 2027 1342 2111 genus
1374 1999 1825 2082 detestabile
1853 2026 1950 2080 eo
1994 1998 2198 2106 saeuis-

234 2113 352 2197 εἶτε
374 2118 782 2197 deuenerat
802 2167 825 2200 ,
853 2139 936 2196 vt
960 2118 1192 2194 cruris
1217 2113 1446 2193 totius
1478 2109 2004 2194 marcescentis
2029 2142 2197 2196 car·-

235 2257 406 2311 nem
434 2285 455 2324 ‚
484 2228 839 2336 &ignitis
867 2224 1272 2308 lar-niuibus
1299 2222 1686 2330 perfrixari
1708 2279 1730 2318 ‚
1758 2236 1832 2308 &
1853 2229 2196 2307 exacutis

235 2344 628 2422 nouaculis
669 2341 974 2419 concidi
1013 2360 1435 2445 oporteret,
1473 2361 1565 2415 ne
1601 2360 1802 2414 totus
1828 2338 2195 2417 inuaden-

237 2457 331 2530 tis
367 2455 507 2531 luis
536 2455 893 2558 contagio
932 2454 1426 2553 corriperetur
1459 2479 1480 2541 3
1529 2445 1686 2554 Ipse
1711 2469 2007 2540 tamen,
2047 2471 2195 2531 nec

235 2567 494 2644 animo
547 2560 942 2642 minimum
986 2558 1459 2668 perturbatus
1504 2561 1844 2665 corporis
1889 2556 1988 2636 sui
2018 2586 2195 2639 cru·
2310 2570 2314 2574 ‘

234 2679 631 2767 ciatum,ni
661 2675 904 2754 verius
940 2676 1248 2752 dixerim
1286 2672 1661 2751 lanienam
1706 2669 1924 2750 auide
1951 2674 2198 2751 inrue*-

236 2785 460 2867 batur
480 2843 502 2883 ,
534 2798 605 2867 &
636 2814 771 2894 pro
794 2787 1044 2865 ver-bis
1070 2782 1344 2892 quibus
1369 2780 2193 2890 animiaegritudinenm

233 2899 469 2978 lenire
510 2897 764 2979 saitem
817 2899 927 2978 fas
969 2921 1129 2977 erat
1170 2896 1571 3000 Augustini
1596 2891 2032 2974 sententiam
2070 2890 2197 2972 saeo

234 3008 401 3116 pius
449 3009 857 3118 repetebat>
890 3019 950 3083 H
965 3010 1024 3083 ic
1074 3033 1250 3090 rore,
1282 3006 1386 3081 hic
1408 3007 1562 3107 fi’ca
1587 3057 1611 3087 ,
1645 3031 1725 3082 ne
1767 3014 1834 3082 in
1871 3028 2198 3083 aeternum

222 3145 484 3223 peream
520 3176 539 3200 .
593 3130 669 3204 O
695 3123 1112 3205 inauditam
1142 3118 1723 3202 fortitudinem}
1761 3116 1811 3201 ὸ
1844 3117 2191 3224 constan-3

1938 3246 2096 3295 Clam
